@online{furv,
    author = "3Blue1Brown",
    title = "But what is the Fourier Transform? A visual introduction.",
    url  = "https://youtu.be/spUNpyF58BY"
}
