@online{video,
    author = "Vihart",
    title = "What is up with Noises? (The Science and Mathematics of Sound, Frequency, and Pitch)",
    url  = "https://www.youtube.com/watch?v=i_0DXxNeaQ0"
}
