@online{qpsk_wiki,
    author = "Википедия",
    title = "QPSK",
    url  = "https://en.wikipedia.org/wiki/Phase-shift_keying#Quadrature_phase-shift_keying_(QPSK)"
}
